<?xml version="1.0" encoding="UTF-8"?><collection xmlns="http://www.loc.gov/MARC21/slim"><record><leader>00617nam--2200193-i-4500</leader><controlfield tag="001">000012157</controlfield><controlfield tag="002">20161230</controlfield><controlfield tag="005">20170205214336</controlfield><controlfield tag="008">060222s1000------------r-----000-0-eng-d</controlfield><datafield ind1=" " ind2=" " tag="020"><subfield code="a">902770807X</subfield></datafield><datafield ind1=" " ind2=" " tag="040"><subfield code="a">IFIN-HH</subfield></datafield><datafield ind1=" " ind2=" " tag="080"><subfield code="a">52.36</subfield></datafield><datafield ind1="1" ind2=" " tag="100"><subfield code="a">Audouze, Jean</subfield></datafield><datafield ind1="1" ind2="0" tag="245"><subfield code="a">Cno isotopes in astrophysics</subfield><subfield code="b">Proceedings of a special session held on august, 30, 1976 in Grenoble, France</subfield><subfield code="c">Jean Audouze (ed.)</subfield></datafield><datafield ind1=" " ind2=" " tag="260"><subfield code="a">Dorrecht</subfield><subfield code="b">D. Reidel Publishing Company</subfield><subfield code="c">1977</subfield></datafield><datafield ind1=" " ind2=" " tag="300"><subfield code="a">XIII + 195 p</subfield></datafield><datafield ind1=" " ind2=" " tag="490"><subfield code="a">Astrophysics And Space Science Library</subfield><subfield code="v">Volume 67</subfield></datafield><datafield ind1=" " ind2=" " tag="852"><subfield code="a">44737</subfield><subfield code="c">523</subfield></datafield><datafield ind1=" " ind2=" " tag="CAT"><subfield code="a">SYS</subfield><subfield code="c">20170205</subfield><subfield code="h">214336</subfield></datafield></record></collection>